<collection xmlns="http://www.loc.gov/MARC21/slim">
<record>
  <leader>02016nam0a22003611i 450 </leader>
  <controlfield tag="001">IT\ICCU\CNCE\047822</controlfield>
  <controlfield tag="005">20060211000000.0</controlfield>
  <datafield tag="012" ind1=" " ind2=" ">
    <subfield code="a">v.to u-u- i.i. DeDe (C) 1506 (R)</subfield>
    <subfield code="2">fei</subfield>
  </datafield>
  <datafield tag="100" ind1=" " ind2=" ">
    <subfield code="a">19990304d1506        0itac0103    ba</subfield>
  </datafield>
  <datafield tag="101" ind1=" " ind2=" ">
    <subfield code="a">LAT</subfield>
  </datafield>
  <datafield tag="102" ind1=" " ind2=" ">
    <subfield code="a">IT</subfield>
  </datafield>
  <datafield tag="200" ind1="1" ind2=" ">
    <subfield code="a">Beatae Osannae Mantuanae de tertio habitu ordinis fratrum predicatorum uita per fratrem Franciscum Siluestrum Ferrariensem eiusdem ordinis &amp; uitae regularis professorem edita</subfield>
  </datafield>
  <datafield tag="210" ind1=" " ind2=" ">
    <subfield code="a">Impressum Mediolani</subfield>
    <subfield code="c">per Petrum Martirem de Mantegatiis dictum Cassanum</subfield>
    <subfield code="d">1506 die 20 Augusti</subfield>
  </datafield>
  <datafield tag="215" ind1=" " ind2=" ">
    <subfield code="a">\126! c.</subfield>
    <subfield code="d">4ʻ</subfield>
  </datafield>
  <datafield tag="300" ind1=" " ind2=" ">
    <subfield code="a">Il titolo si ricava da c. \15! r</subfield>
  </datafield>
  <datafield tag="620" ind1=" " ind2=" ">
    <subfield code="a">IT</subfield>
    <subfield code="d">Milano</subfield>
  </datafield>
  <datafield tag="700" ind1=" " ind2="1">
    <subfield code="a">Silvestri,</subfield>
    <subfield code="b">Francesco</subfield>
    <subfield code="3">IT\ICCU\CNCA\005709</subfield>
  </datafield>
  <datafield tag="712" ind1="0" ind2="0">
    <subfield code="a">Mantegazza, Pietro Martire</subfield>
    <subfield code="3">IT\ICCU\CNCT\000198</subfield>
    <subfield code="4">650</subfield>
  </datafield>
  <datafield tag="790" ind1=" " ind2="1">
    <subfield code="a">De_Silvestri,</subfield>
    <subfield code="b">Francesco</subfield>
    <subfield code="3">IT\ICCU\CNCA\010415</subfield>
    <subfield code="z">Silvestri, Francesco</subfield>
  </datafield>
  <datafield tag="790" ind1=" " ind2="1">
    <subfield code="a">Silvester,</subfield>
    <subfield code="b">Franciscus</subfield>
    <subfield code="3">IT\ICCU\CNCA\014900</subfield>
    <subfield code="z">Silvestri, Francesco</subfield>
  </datafield>
  <datafield tag="790" ind1=" " ind2="1">
    <subfield code="a">Sylvestris,</subfield>
    <subfield code="b">Franciscus : de</subfield>
    <subfield code="3">IT\ICCU\CNCA\014947</subfield>
    <subfield code="z">Silvestri, Francesco</subfield>
  </datafield>
  <datafield tag="790" ind1=" " ind2="0">
    <subfield code="a">Francesco</subfield>
    <subfield code="c"> : da#Ferrara</subfield>
    <subfield code="3">IT\ICCU\CNCA\024827</subfield>
    <subfield code="z">Silvestri, Francesco</subfield>
  </datafield>
  <datafield tag="790" ind1=" " ind2="1">
    <subfield code="a">Sylvester,</subfield>
    <subfield code="b">Franciscus</subfield>
    <subfield code="3">IT\ICCU\CNCA\024828</subfield>
    <subfield code="z">Silvestri, Francesco</subfield>
  </datafield>
  <datafield tag="791" ind1="0" ind2="2">
    <subfield code="a">Pietro Martire Cassano</subfield>
    <subfield code="3">IT\ICCU\CNCT\003509</subfield>
    <subfield code="z">Mantegazza, Pietro Martire</subfield>
  </datafield>
  <datafield tag="791" ind1="0" ind2="0">
    <subfield code="a">Cassano, Pietro Martire</subfield>
    <subfield code="3">IT\ICCU\CNCT\003510</subfield>
    <subfield code="z">Mantegazza, Pietro Martire</subfield>
  </datafield>
  <datafield tag="791" ind1="0" ind2="0">
    <subfield code="a">Mantegatiis, Petrus Martyr de</subfield>
    <subfield code="3">IT\ICCU\CNCT\005002</subfield>
    <subfield code="z">Mantegazza, Pietro Martire</subfield>
  </datafield>
  <datafield tag="791" ind1="0" ind2="0">
    <subfield code="a">Mantegaciis, Petrus Martir de</subfield>
    <subfield code="3">IT\ICCU\CNCT\005003</subfield>
    <subfield code="z">Mantegazza, Pietro Martire</subfield>
  </datafield>
  <datafield tag="791" ind1="0" ind2="0">
    <subfield code="a">Mantegatius, Petrus Martyr</subfield>
    <subfield code="3">IT\ICCU\CNCT\005004</subfield>
    <subfield code="z">Mantegazza, Pietro Martire</subfield>
  </datafield>
  <datafield tag="791" ind1="0" ind2="0">
    <subfield code="a">Mantegaza, Petro Martiro</subfield>
    <subfield code="3">IT\ICCU\CNCT\005005</subfield>
    <subfield code="z">Mantegazza, Pietro Martire</subfield>
  </datafield>
  <datafield tag="791" ind1="0" ind2="0">
    <subfield code="a">Mantegati, Petromartire di</subfield>
    <subfield code="3">IT\ICCU\CNCT\005006</subfield>
    <subfield code="z">Mantegazza, Pietro Martire</subfield>
  </datafield>
  <datafield tag="791" ind1="0" ind2="0">
    <subfield code="a">Mantegatio, Petro Martyre</subfield>
    <subfield code="3">IT\ICCU\CNCT\005007</subfield>
    <subfield code="z">Mantegazza, Pietro Martire</subfield>
  </datafield>
  <datafield tag="801" ind1=" " ind2="3">
    <subfield code="a">IT</subfield>
    <subfield code="b">ICCU</subfield>
    <subfield code="c">20201115</subfield>
  </datafield>
  <datafield tag="899" ind1=" " ind2=" ">
    <subfield code="a">Biblioteca Vallicelliana. Roma</subfield>
    <subfield code="1">RM0281</subfield>
    <subfield code="2">RML 08</subfield>
  </datafield>
</record>
</collection>
